@book{chen2006mathematics,
  title={The Mathematics of Poker},
  author={Chen, Bill and Ankenman, Jerrod},
  year={2006},
  publisher={Conjelco},
  address={Pittsburgh, PA}
} 

@article{ferguson2003borel,
  author = {Ferguson, Chris and Ferguson, Thomas},
  year = {2003},
  month = {01},
  pages = {2},
  title = {On the Borel and von Neumann Poker Models},
  volume = {9},
  journal = {Game Theory and Applications}
}